@BOOK{Quigley2005,
author = {Ellie Quigley},
title = {Unix Shells by Example},
publisher = {Pearson Education},
year = {2005},
address = {Upper Saddle River, NJ, USA},
pages = {67}
}
